%YAML 1.1
%TAG !u! tag:unity3d.com,2011:
--- !u!241 &24100000
AudioMixerController:
  m_ObjectHideFlags: 0
  m_PrefabParentObject: {fileID: 0}
  m_PrefabInternal: {fileID: 0}
  m_Name: Main
  m_OutputGroup: {fileID: 0}
  m_MasterGroup: {fileID: 24300002}
  m_Snapshots:
  - {fileID: 24500006}
  m_StartSnapshot: {fileID: 24500006}
  m_SuspendThreshold: -80
  m_EnableSuspend: 1
  m_UpdateMode: 0
  m_ExposedParameters: []
  m_AudioMixerGroupViews:
  - guids:
    - ffb97e5015b64424495f4bdc81fa03f9
    - fc92a7b6c52d495459890c3cf1b2dcc0
    - 2c41f5c4e8a4d354eb19afb47c979b24
    name: View
  m_CurrentViewIndex: 0
  m_TargetSnapshot: {fileID: 24500006}
--- !u!243 &24300002
AudioMixerGroupController:
  m_ObjectHideFlags: 0
  m_PrefabParentObject: {fileID: 0}
  m_PrefabInternal: {fileID: 0}
  m_Name: Master
  m_AudioMixer: {fileID: 24100000}
  m_GroupID: ffb97e5015b64424495f4bdc81fa03f9
  m_Children:
  - {fileID: 243552240750150958}
  - {fileID: 243488220642763282}
  m_Volume: 281d9b6b0c546504c81180b68fbb54c9
  m_Pitch: 858b86fc2b7e14048a79aa60a272e274
  m_Effects:
  - {fileID: 24400004}
  m_UserColorIndex: 0
  m_Mute: 0
  m_Solo: 0
  m_BypassEffects: 0
--- !u!244 &24400004
AudioMixerEffectController:
  m_ObjectHideFlags: 3
  m_PrefabParentObject: {fileID: 0}
  m_PrefabInternal: {fileID: 0}
  m_Name: 
  m_EffectID: 30b7fbf22db09c546aa2fce9d6b8ad75
  m_EffectName: Attenuation
  m_MixLevel: d5960543532da2644bdb9f93e2f7d7fe
  m_Parameters: []
  m_SendTarget: {fileID: 0}
  m_EnableWetMix: 0
  m_Bypass: 0
--- !u!245 &24500006
AudioMixerSnapshotController:
  m_ObjectHideFlags: 0
  m_PrefabParentObject: {fileID: 0}
  m_PrefabInternal: {fileID: 0}
  m_Name: Snapshot
  m_AudioMixer: {fileID: 24100000}
  m_SnapshotID: 9faabf29e5461874b91221532090dd9c
  m_FloatValues: {}
  m_TransitionOverrides: {}
--- !u!243 &243488220642763282
AudioMixerGroupController:
  m_ObjectHideFlags: 0
  m_PrefabParentObject: {fileID: 0}
  m_PrefabInternal: {fileID: 0}
  m_Name: Sfx
  m_AudioMixer: {fileID: 24100000}
  m_GroupID: 2c41f5c4e8a4d354eb19afb47c979b24
  m_Children: []
  m_Volume: 6736f0d0cc20098468c74aa71c0b6a1a
  m_Pitch: 4b2c96bcfb00d0d40a61e4b36072842c
  m_Effects:
  - {fileID: 244937847348591086}
  m_UserColorIndex: 0
  m_Mute: 0
  m_Solo: 0
  m_BypassEffects: 0
--- !u!243 &243552240750150958
AudioMixerGroupController:
  m_ObjectHideFlags: 0
  m_PrefabParentObject: {fileID: 0}
  m_PrefabInternal: {fileID: 0}
  m_Name: Music
  m_AudioMixer: {fileID: 24100000}
  m_GroupID: fc92a7b6c52d495459890c3cf1b2dcc0
  m_Children: []
  m_Volume: 39e3675766865f24580f408bbad710d6
  m_Pitch: 7014c3eebb18c3d498ffdeb715898827
  m_Effects:
  - {fileID: 244615757062563296}
  m_UserColorIndex: 0
  m_Mute: 0
  m_Solo: 0
  m_BypassEffects: 0
--- !u!244 &244615757062563296
AudioMixerEffectController:
  m_ObjectHideFlags: 3
  m_PrefabParentObject: {fileID: 0}
  m_PrefabInternal: {fileID: 0}
  m_Name: 
  m_EffectID: 309c6fdb00c9c214899fdc26db2bf757
  m_EffectName: Attenuation
  m_MixLevel: e676dbb7d3c4e8f48a13f0a52ce4e31c
  m_Parameters: []
  m_SendTarget: {fileID: 0}
  m_EnableWetMix: 0
  m_Bypass: 0
--- !u!244 &244937847348591086
AudioMixerEffectController:
  m_ObjectHideFlags: 3
  m_PrefabParentObject: {fileID: 0}
  m_PrefabInternal: {fileID: 0}
  m_Name: 
  m_EffectID: b8c8eae39fbba374b967c5d63e522caa
  m_EffectName: Attenuation
  m_MixLevel: 8687a12afe33799449dafe15e597e8e3
  m_Parameters: []
  m_SendTarget: {fileID: 0}
  m_EnableWetMix: 0
  m_Bypass: 0
